<?xml version="1.0" encoding="UTF-8"?><record xmlns="http://www.loc.gov/MARC21/slim" xmlns:cinclude="http://apache.org/cocoon/include/1.0" xmlns:zs="http://www.loc.gov/zing/srw/">
  <leader>01045cz  a2200241n  4500</leader>
  <controlfield tag="001">nr 94026008 </controlfield>
  <controlfield tag="003">DLC</controlfield>
  <controlfield tag="005">20080916081700.0</controlfield>
  <controlfield tag="008">940808nc acannaabn          |b ana      </controlfield>
  <datafield tag="010" ind1=" " ind2=" ">
    <subfield code="a">nr 94026008 </subfield>
  </datafield>
  <datafield tag="035" ind1=" " ind2=" ">
    <subfield code="a">(OCoLC)oca03658882</subfield>
  </datafield>
  <datafield tag="040" ind1=" " ind2=" ">
    <subfield code="a">DLC-R</subfield>
    <subfield code="b">eng</subfield>
    <subfield code="c">DLC-R</subfield>
    <subfield code="d">OCoLC</subfield>
    <subfield code="d">DLC-R</subfield>
    <subfield code="d">OCoLC</subfield>
  </datafield>
  <datafield tag="110" ind1="2" ind2=" ">
    <subfield code="a">Zhong gong Hebei Sheng wei.</subfield>
    <subfield code="b">Dang shi yan jiu shi</subfield>
  </datafield>
  <datafield tag="410" ind1="2" ind2=" ">
    <subfield code="a">Zhong gong Hebei Sheng wei dang shi yan jiu shi</subfield>
  </datafield>
  <datafield tag="410" ind1="2" ind2=" ">
    <subfield code="a">中共河北省委.</subfield>
    <subfield code="b">党史研究室</subfield>
  </datafield>
  <datafield tag="410" ind1="2" ind2=" ">
    <subfield code="a">中共河北省委.</subfield>
    <subfield code="b">党史硏究室</subfield>
  </datafield>
  <datafield tag="410" ind1="2" ind2=" ">
    <subfield code="a">中共河北省委.</subfield>
    <subfield code="b">黨史研究室</subfield>
  </datafield>
  <datafield tag="410" ind1="2" ind2=" ">
    <subfield code="a">中共河北省委.</subfield>
    <subfield code="b">黨史硏究室</subfield>
  </datafield>
  <datafield tag="410" ind1="2" ind2=" ">
    <subfield code="a">中共河北省.</subfield>
    <subfield code="b">委党史研究室</subfield>
  </datafield>
  <datafield tag="667" ind1=" " ind2=" ">
    <subfield code="a">Machine-derived non-Latin script reference project.</subfield>
  </datafield>
  <datafield tag="667" ind1=" " ind2=" ">
    <subfield code="a">Non-Latin script references not evaluated.</subfield>
  </datafield>
  <datafield tag="670" ind1=" " ind2=" ">
    <subfield code="a">I chʻien wei liao chʻien hsien, 1992:</subfield>
    <subfield code="b">t.p. (Chung kung Ho-pei sheng wei tang shih yen chiu shih)</subfield>
  </datafield>
  <datafield tag="670" ind1=" " ind2=" ">
    <subfield code="a">Jin Cha Ji jie fang qu li shi wen xian xuan bian, 1945-1949, 1998:</subfield>
    <subfield code="b">t.p. (Zhong gong Hebei Sheng wei dang shi yan jiu shi)</subfield>
  </datafield>
</record>